@article{Hashiguchi,
 author = {Hiroki Hashiguchi and Yasuhide Numata and Nobuki Takayama and Akimichi Takemura},
 title = {The holonomic gradient method for the distribution function of the largest root of a {W}ishart matrix},
 journal = {Journal of Multivariate Analysis},
 year = {2013},
 volume = {117},
 pages = {296--312},
 issn = {0047-259X},
 doi = {10.1016/j.jmva.2013.03.011},
} % arXiv:1201.0472

@book{Muirhead,
 title = {Aspects of multivariate statistical theory},
 author = {Robb John Muirhead},
 series = {Wiley series in probability and mathematical statistics. {P}robability and mathematical statistics},
 publisher = {John Wiley \& Sons},
 address = {New York},
 isbn = {0-471-09442-0},
 year = {1982},
}

@book{Takemura,
 author = {Akimichi Takemura},
 title = {Zonal Polynomials},
 series = {Institute of Mathematical Statistics Lecture Notes -- Monograph Series},
 volume = {4},
 publisher = {Institute of Mathematical Statistics},
 address = {Hayward, CA},
 year = {1984},
 isbn = {0-940600-05-6},
}

@techreport{HolonomicFunctions,
 author = {Christoph Koutschan},
 title = {{HolonomicFunctions} (user's guide)},
 institution = {RISC Report Series, Johannes Kep\-ler University},
 address = {Linz, Austria},
 year = {2010},
 number = {10-01},
 note = {http:/$\!$/www.risc.jku.at/\linebreak[0]research/\linebreak[0]combinat/\linebreak[0]software/\linebreak[0]HolonomicFunctions/},
}

@book{Helgason,
 author = {Sigurdur Helgason},
 title = {Differential Geometry and Symmetric Spaces},
 publisher = {Academic Press},
 year = {1962},
}

@article{Representation,
 author = {R.~Guti\'{e}rrez J\'{a}imez and J.~A.~Mermoso Guti\'{e}rrez},
 title = {An application of zonal polynomials to the generalization of probability distributions},
 journal = {Linear Algebra and its Applications},
 year = {1989},
 volume = {121},
 pages = {610--616},
}

@article{James1,
 author = {A.~James},
 title = {Calculation of zonal polynomial coefficients by use of the {L}aplace-{B}eltrami operator},
 journal = {The Annals of Mathematical Statistics},
 year = {1968},
 volume = {39},
 number = {5},
 pages = {1711--1718},
}

@article{Moakher,
 author = {Maher Moakher},
 title = {A differential geometric approach to the geometric mean of symmetric positive-definite matrices},
 journal = {SIAM Journal on Matrix Analysis and Applications},
 year = {2005},
 volume = {26},
 number = {3},
 pages = {735--747},
}

@techreport{Guess,
 author = {Manuel Kauers},
 title = {Guessing handbook},
 number = {09-07},
 year = {2009},
 length = {20},
 institution = {RISC Report Series, Johannes Kepler University},
 address = {Linz, Austria},
 note = {http:/$\!$/www.risc.jku.at/\linebreak[0]research/\linebreak[0]combinat/\linebreak[0]software/\linebreak[0]Guess/},
}

@article{NakayamaEtAl11,
 author = {Hiromasa Nakayama and Kenta Nishiyama and Masayuki Noro and Katsuyoshi Ohara and Tomo{\-}nari Sei and Nobuki Takayama and Akimichi Takemura},
 title = {Holonomic gradient descent and its application to the {F}isher-{B}ingham integral},
 journal = {Advances in Applied Mathematics},
 volume = {47},
 number = {3},
 pages = {639--658},
 year = {2011},
 issn = {0196-8858},
 doi = {10.1016/j.aam.2011.03.001},
}

